@Misc{People,
	title		= {Брэдли Мэннинг},
	note		= {ЛЮДИ peoples.ru},
	year		= 2013,
	language	= {russian}
}

@Misc{Udar,
	title		= {Багдадский авиаудар 12 июля 2007 года},
	note		= {Википедия},
	year		= 2013,
	language	= {russian}
}

@Misc{Manning,
	title		= {Мэннинг, Челси},
	note		= {Википедия},
	year		= 2013,
	language	= {russian}
}

@ARTICLE{Dream,
	author		= {Жигалкин, Ю},
	title		= {Брэдли Мэннинг как жертва тщеславия и наивный мечтатель},
	year		= {2013},
	journal		= {Радио Свобода},
	url		= {http://www.svoboda.mobi/a/921/1/25006294.html},
	language	= {russian}
}

@ARTICLE{Sliv,
	author		= {Аронов, Е},
	title		= {Великий "слив" Брэдли Мэннинга},
	year		= {2013},
	journal		= {Радио Свобода},
	url		= {http://www.svoboda.mobi/a/921/1/25004688.html},
	language	= {russian}
}

@ARTICLE{Argument,
	author		= {Колесников, Д},
	title		= {Брэдли Мэннинг: герой нашего времени},
	year		= {2013},
	journal		= {Аргумент},
	url		= {http://argumentua.com/stati/bredli-menning-geroi-nashego-vremeni},
	language	= {russian}
}
