@Book{Kost,
	author		= {Костюченко, Н. С.},
	title		= {Анализ кредитных рисков},
	publisher	= {«Скифия»},
	year		= {2010},
	address		= {Санкт-Петербург},
	language	= {russian}
}

@ARTICLE{Korob,
	author		= {Коробова, Т.},
	title		= {Исправление репутации},
	year		= {2009},
	journal		= {Стратегии},
	url		= {http://www.strategy.com.ua/articles/view?Id=1093},
	language	= {russian}
}

@ARTICLE{Kot,
	author		= {Котов, С.},
	title		= {Безопасность интернет-бакинга},
	year		= {2012},
	journal		= {Банковские технологии},
	url		= {http://www.aladdin-rd.ru/company/pressroom/articles/33747/},
	language	= {russian}
}

@Misc{Invest,
	title		= {Положение о мерах по снижению рисков, связанных с профессиональной деятельностью АКБ "Инвестбанк" на рынке ценных бумаг},
	howpublished	= {Протокол наблюдательного совета},
	year		= {2008},
	note		= {Инвестбанк},
	language	= {russian}
}

@Misc{Energy,
	title		= {Стандарт качества управления репутационным риском в кредитных организациях},
	year		= {2010},
	note		= {Ассоциация российских банков},
	language	= {russian}
}

@ARTICLE{Blin,
	author		= {Блинова, Т.},
	title		= {Flextera "Противодействие легализации доходов" в СМП банке},
	year		= {2012},
	journal		= {Press-Release},
	url		= {http://www.press-release.ru/branches/finance/adb968b033e0b},
	language	= {russian}
}

@Book{Bar,
	author		= {Баронов, В. В. and Титовский, И. Н. and Попов, Ю. И. and Калянов, Г. Н.},
	title		= {Информационные технологии управления предприятием},
	publisher	= {«Компания АйТи»},
	year		= 2010,
	language	= {russian}
}
