@online{medvedev2006jelektronnye,
	title={Электронные компоненты и монтажные подложки},
	author={Медведев, А. М.},
	journal={Компоненты и технологии},
	number={12},
	pages={124--134},
	year={2006},
	medium={Электронный ресурс},
	url = {http://www.kit-e.ru/articles/elcomp/2006\_12\_124.php},
	urldate = {19.01.2015},
	language = {russian}
}
@Misc{habr:startup,
	author		= {dennydo},
	title		= {Интеллектуальная собственность в стартапах},
	year		= {2009},
	howpublished	= {\url{http://habrahabr.ru/post/53672/}},
	language	= {russian}
}
@Misc{bibliotekar,
	author		= {bibliotekar},
	title		= {Интеллектуальный продукт, интеллектуальная собственность и ее охрана},
	year		= {2000},
	howpublished	= {\url{http://bibliotekar.ru/economika-8/227.htm}},
	language	= {russian}
}
@Misc{habr:zashsobstv,
	author		= {"Dassault Systemes"},
	title		= {Защита интеллектуальной собственности в аэрокосмической и оборонной промышленности},
	year		= {2011},
	howpublished	= {\url{http://habrahabr.ru/company/ds/blog/126030/}},
	language	= {russian}
}
@Misc{habr:IntelIntSobstv,
	author		= {Intel},
	title		= {Интеллектуальная собственность в области ПО. Ответы эксперта},
	year		= {2013},
	howpublished	= {\url{http://habrahabr.ru/company/intel/blog/169505/}},
	language	= {russian}
}
@Misc{GKRF,
	author		= {РФ},
	title		= {Гражданский Кодекс},
	year		= {2008},
	language	= {russian}
}
@Misc{wiki:IntelPrav,
	author		= {Wikipedia},
	title		= {Интеллектуальная собственность},
	year		= {2015},
	howpublished	= {\url{https://ru.wikipedia.org/wiki/Интеллектуальная_собственность}},
	language	= {russian}
}
@Misc{ref:PredZash,
	author		= {Ефалов, П.А.},
	title		= {Информация как предмет защиты},
	year		= {2004},
	howpublished	= {\url{http://ref.by/refs/67/28271/1.html}},
	language	= {russian}
}
@Misc{NarushPrav,
	author		= {virtualvis},
	title		= {Нарушение прав интеллектуальной собственности},
	year		= {2015},
	howpublished	= {\url{http://www.virtualvis.com/narushenie-prav-intellektualnoy-sobstvennosti.html}},
	language	= {russian}
}
