@Misc{FSTECreestr,
	author		= {ФСТЭК России},
	title		= {Государственный реестр сертифицированных средств защиты информации N РОСС RU.0001.01БИ00},
	year		= {2015},
	howpublished	= {\url{http://fstec.ru/tekhnicheskaya-zashchita-informatsii/dokumenty-po-sertifikatsii/153-sistema-sertifikatsii/591-gosudarstvennyj-reestr-sertifitsirovannykh-sredstv-zashchity-informatsii-n-ross-ru-0001-01bi00}},
	language	= {russian}
}
@Misc{bezopasnik,
	author		= {bezopasnik},
	title		= {Защита информации в персональных компьютерах},
	year		= {2015},
	howpublished	= {\url{http://bezopasnik.org/article/2.htm}},
	language	= {russian}
}
@Misc{all-ib,
	author		= {all-ib},
	title		= {Информационная безопасность},
	year		= {2015},
	howpublished	= {\url{http://all-ib.ru/content/node4/part_22.html}},
	language	= {russian}
}
@Misc{FSTECrdNSD,
	author		= {ФСТЭК},
	title		= {РД ФСТЭК},
	year		= {2015},
	howpublished	= {\url{http://fstec.ru/tekhnicheskaya-zashchita-informatsii/dokumenty/114-spetsialnye-normativnye-dokumenty/385-rukovodyashchij-dokument-reshenie-predsedatelya-gostekhkomissii-rossii-ot-30-marta-1992-g2?highlight=WyJcdTA0NDFcdTA0NDBcdTA0MzVcdTA0MzRcdTA0NDFcdTA0NDJcdTA0MzJcdTA0MzAiLCJcdTA0MzJcdTA0NGJcdTA0NDdcdTA0MzhcdTA0NDFcdTA0M2JcdTA0MzhcdTA0NDJcdTA0MzVcdTA0M2JcdTA0NGNcdTA0M2RcdTA0M2VcdTA0MzkiLCJcdTA0NDJcdTA0MzVcdTA0NDVcdTA0M2RcdTA0MzhcdTA0M2FcdTA0MzgiLCJcdTA0NDFcdTA0NDBcdTA0MzVcdTA0MzRcdTA0NDFcdTA0NDJcdTA0MzJcdTA0MzAgXHUwNDMyXHUwNDRiXHUwNDQ3XHUwNDM4XHUwNDQxXHUwNDNiXHUwNDM4XHUwNDQyXHUwNDM1XHUwNDNiXHUwNDRjXHUwNDNkXHUwNDNlXHUwNDM5IiwiXHUwNDQxXHUwNDQwXHUwNDM1XHUwNDM0XHUwNDQxXHUwNDQyXHUwNDMyXHUwNDMwIFx1MDQzMlx1MDQ0Ylx1MDQ0N1x1MDQzOFx1MDQ0MVx1MDQzYlx1MDQzOFx1MDQ0Mlx1MDQzNVx1MDQzYlx1MDQ0Y1x1MDQzZFx1MDQzZVx1MDQzOSBcdTA0NDJcdTA0MzVcdTA0NDVcdTA0M2RcdTA0MzhcdTA0M2FcdTA0MzgiLCJcdTA0MzJcdTA0NGJcdTA0NDdcdTA0MzhcdTA0NDFcdTA0M2JcdTA0MzhcdTA0NDJcdTA0MzVcdTA0M2JcdTA0NGNcdTA0M2RcdTA0M2VcdTA0MzkgXHUwNDQyXHUwNDM1XHUwNDQ1XHUwNDNkXHUwNDM4XHUwNDNhXHUwNDM4Il0=}},
	language	= {russian}
}
